<?xml version="1.0" encoding="UTF-8"?>
<record xmlns="http://www.loc.gov/MARC21/slim" xmlns:xsi="http://www.w3.org/2001/XMLSchema-instance" xsi:schemaLocation="http://www.loc.gov/MARC21/slim http://www.loc.gov/standards/marcxml/schema/MARC21slim.xsd">
<leader>00000cam a22      a 4500</leader>
<controlfield tag="001">001678574</controlfield>
<controlfield tag="003">NNU</controlfield>
<controlfield tag="005">20151009161925.0</controlfield>
<controlfield tag="008">981215s1937    iq            000 0 ara d</controlfield>
<datafield tag="035" ind1=" " ind2=" ">
<subfield code="a">(OCoLC)40494593</subfield>
</datafield>
<datafield tag="040" ind1=" " ind2=" ">
<subfield code="a">BNG</subfield>
<subfield code="b">eng</subfield>
<subfield code="c">BNG</subfield>
<subfield code="d">OCLCG</subfield>
<subfield code="d">OCLCA</subfield>
<subfield code="d">OCLCQ</subfield>
<subfield code="d">OCLCF</subfield>
<subfield code="d">NNU</subfield>
</datafield>
<datafield tag="050" ind1=" " ind2="4">
<subfield code="a">DS238.A6</subfield>
<subfield code="b">K3 1937</subfield>
</datafield>
<datafield tag="100" ind1="1" ind2=" ">
<subfield code="6">880-01</subfield>
<subfield code="a">Kanjī, Muḥammad ibn Yūsuf,</subfield>
<subfield code="d">-1259 or 1260.</subfield>
</datafield>
<datafield tag="245" ind1="1" ind2="0">
<subfield code="6">880-02</subfield>
<subfield code="a">Kifāyat al-ṭālib fī manāqib Amīr al-Muʼminīn ʻAlī ibn Abī Ṭālib /</subfield>
<subfield code="c">taʼlīf Abī ʻAbd Allāh Muḥammad ibn Yūsuf ibn Muḥammad al-Qurashī al-Kanjī al-Shāfiʻī.</subfield>
</datafield>
<datafield tag="260" ind1=" " ind2=" ">
<subfield code="6">880-03</subfield>
<subfield code="a">al-Najaf :</subfield>
<subfield code="b">Maṭbaʻat al-Gharī,</subfield>
<subfield code="c">1937.</subfield>
</datafield>
<datafield tag="300" ind1=" " ind2=" ">
<subfield code="a">324 pages ;</subfield>
<subfield code="c">25 cm</subfield>
</datafield>
<datafield tag="336" ind1=" " ind2=" ">
<subfield code="a">text</subfield>
<subfield code="b">txt</subfield>
<subfield code="2">rdacontent</subfield>
</datafield>
<datafield tag="337" ind1=" " ind2=" ">
<subfield code="a">unmediated</subfield>
<subfield code="b">n</subfield>
<subfield code="2">rdamedia</subfield>
</datafield>
<datafield tag="338" ind1=" " ind2=" ">
<subfield code="a">volume</subfield>
<subfield code="b">nc</subfield>
<subfield code="2">rdacarrier</subfield>
</datafield>
<datafield tag="600" ind1="0" ind2="0">
<subfield code="6">880-04</subfield>
<subfield code="a">ʻAlī ibn Abī Ṭālib,</subfield>
<subfield code="c">Caliph,</subfield>
<subfield code="d">approximately 600-661.</subfield>
</datafield>
<datafield tag="600" ind1="0" ind2="7">
<subfield code="a">ʻAlī ibn Abī Ṭālib,</subfield>
<subfield code="c">Caliph,</subfield>
<subfield code="d">approximately 600-661.</subfield>
<subfield code="2">fast</subfield>
<subfield code="0">(OCoLC)fst01804105</subfield>
</datafield>
<datafield tag="880" ind1="1" ind2=" ">
<subfield code="6">100-01/</subfield>
<subfield code="a">كنجي، محمد بن يوسف،</subfield>
<subfield code="d">-1259 or 1260.</subfield>
</datafield>
<datafield tag="880" ind1="1" ind2="0">
<subfield code="6">245-02/</subfield>
<subfield code="a">كفاية الطالب في مناقب امير المؤمنين علي بن ابي طالب /</subfield>
<subfield code="c">تأليف ابي عبد الله محمد بن يوسف بن محمد القرشي الكنجي الشافعي.</subfield>
</datafield>
<datafield tag="880" ind1=" " ind2=" ">
<subfield code="6">260-03/</subfield>
<subfield code="a">النجف :</subfield>
<subfield code="b">مطبعة الغري،</subfield>
<subfield code="c">1937.</subfield>
</datafield>
<datafield tag="880" ind1="0" ind2="0">
<subfield code="6">600-04/</subfield>
<subfield code="a">علي بن ابي طالب،</subfield>
<subfield code="c">Caliph,</subfield>
<subfield code="d">approximately 600-661.</subfield>
</datafield>
<datafield tag="OWN" ind1=" " ind2=" ">
<subfield code="a">GENERAL</subfield>
</datafield>
<datafield tag="AVA" ind1=" " ind2=" ">
<subfield code="a">NYU50</subfield>
<subfield code="b">BOBST</subfield>
<subfield code="c">Main Collection</subfield>
<subfield code="d">DS238.A6 K3</subfield>
<subfield code="e">unavailable</subfield>
<subfield code="t">Unavailable</subfield>
<subfield code="f">1</subfield>
<subfield code="g">1</subfield>
<subfield code="h">N</subfield>
<subfield code="i">0</subfield>
<subfield code="j">MAIN</subfield>
<subfield code="k">0</subfield>
</datafield>
</record>
